<?xml version="1.0" encoding="UTF-8"?><collection xmlns="http://www.loc.gov/MARC21/slim"><record><leader>00486nam--2200145-i-4500</leader><controlfield tag="001">000040723</controlfield><controlfield tag="002">20161230</controlfield><controlfield tag="005">20161230201042</controlfield><controlfield tag="008">060222s1000------------r-----000-0-eng-d</controlfield><datafield ind1=" " ind2=" " tag="040"><subfield code="a">IFIN-HH</subfield></datafield><datafield ind1=" " ind2=" " tag="100"><subfield code="a">Schuler,M. Und H.Gebelein</subfield></datafield><datafield ind1=" " ind2=" " tag="245"><subfield code="a">Acht und neunstellige tabellen zuden elliptischen funktionen. dargestellit mittels des jacobischen paramenters q. with an engliah text</subfield></datafield><datafield ind1=" " ind2=" " tag="260"><subfield code="a">BERLIN, SPRINGER, 1955. XXIV + 296 p</subfield></datafield><datafield ind1=" " ind2=" " tag="852"><subfield code="a">11889</subfield><subfield code="c">518.2</subfield></datafield><datafield ind1=" " ind2=" " tag="CAT"><subfield code="a">Sys</subfield><subfield code="c">20090731</subfield><subfield code="h">093602</subfield></datafield></record></collection>